<record><leader>00000cas a2200000 a 4500</leader><controlfield tag="001">14107228</controlfield><controlfield tag="008">860819d197119uutxumr pe      0    0eng c</controlfield><datafield ind1=" " ind2=" " tag="010"><subfield code="a">sn 94023694 </subfield><subfield code="z">sn 88084159 </subfield></datafield><datafield ind1=" " ind2=" " tag="040"><subfield code="a">KFS</subfield><subfield code="b">eng</subfield><subfield code="c">KFS</subfield><subfield code="d">EYM</subfield><subfield code="d">OCL</subfield><subfield code="d">IXA</subfield><subfield code="d">OCLCQ</subfield><subfield code="d">OCLCA</subfield><subfield code="d">OCLCF</subfield><subfield code="d">OCLCO</subfield><subfield code="d">OCL</subfield></datafield><datafield ind1=" " ind2=" " tag="012"><subfield code="i">9405</subfield></datafield><datafield ind1=" " ind2=" " tag="019"><subfield code="a">18403554</subfield></datafield><datafield ind1=" " ind2=" " tag="042"><subfield code="a">pcc</subfield></datafield><datafield ind1=" " ind2=" " tag="043"><subfield code="a">n-us-tx</subfield></datafield><datafield ind1="1" ind2="4" tag="050"><subfield code="a">F394.A9</subfield><subfield code="b">G37</subfield></datafield><datafield ind1="0" ind2=" " tag="130"><subfield code="a">Gar (Austin, Tex.)</subfield></datafield><datafield ind1="1" ind2="4" tag="245"><subfield code="a">The gar.</subfield></datafield><datafield ind1=" " ind2=" " tag="260"><subfield code="a">Austin, TX :</subfield><subfield code="b">Gar Pub. Co.,</subfield><subfield code="c">1971-</subfield></datafield><datafield ind1=" " ind2=" " tag="300"><subfield code="a">v. :</subfield><subfield code="b">ill. ;</subfield><subfield code="c">28-40 cm.</subfield></datafield><datafield ind1=" " ind2=" " tag="310"><subfield code="a">Monthly</subfield></datafield><datafield ind1="1" ind2=" " tag="362"><subfield code="a">Vol. 1, no. 1 (Sept. 1971)-</subfield></datafield><datafield ind1=" " ind2=" " tag="500"><subfield code="a">Editors: George Dalton, Hal Wylie.</subfield></datafield><datafield ind1=" " ind2=" " tag="525"><subfield code="a">"Gar photo issue," June/July 1975.</subfield></datafield><datafield ind1=" " ind2=" " tag="580"><subfield code="a">Absorbed: Illuminations (San Francisco, Calif.) and: Ecology inTexas, no. 9/10, 1972-</subfield></datafield><datafield ind1=" " ind2=" " tag="588"><subfield code="a">Description based on: First issue; title from cover.</subfield></datafield><datafield ind1=" " ind2=" " tag="588"><subfield code="a">Latest issue consulted: #35 (Apr. 1988).</subfield></datafield><datafield ind1=" " ind2="0" tag="650"><subfield code="a">Counterculture</subfield><subfield code="z">Texas</subfield><subfield code="z">Austin</subfield><subfield code="v">Periodicals.</subfield></datafield><datafield ind1=" " ind2="0" tag="651"><subfield code="a">Austin (Tex.)</subfield><subfield code="v">Periodicals.</subfield></datafield><datafield ind1=" " ind2="0" tag="651"><subfield code="a">Austin (Tex.)</subfield><subfield code="x">Politics and government</subfield><subfield code="v">Periodicals.</subfield></datafield><datafield ind1=" " ind2="0" tag="650"><subfield code="a">Underground press publications</subfield><subfield code="z">Texas</subfield><subfield code="z">Austin</subfield><subfield code="v">Periodicals.</subfield></datafield><datafield ind1=" " ind2="0" tag="650"><subfield code="a">American poetry</subfield><subfield code="y">20th century</subfield><subfield code="v">Periodicals.</subfield></datafield><datafield ind1=" " ind2="0" tag="650"><subfield code="a">Conservation of natural resources</subfield><subfield code="z">Texas</subfield><subfield code="v">Periodicals.</subfield></datafield><datafield ind1=" " ind2="7" tag="650"><subfield code="a">Counter culture</subfield><subfield code="z">Texas</subfield><subfield code="z">Austin</subfield><subfield code="x">Periodicals.</subfield><subfield code="2">poliscit</subfield></datafield><datafield ind1=" " ind2="7" tag="650"><subfield code="a">American poetry.</subfield><subfield code="2">fast</subfield><subfield code="0">(OCoLC)fst00807348</subfield></datafield><datafield ind1=" " ind2="7" tag="650"><subfield code="a">Conservation of natural resources.</subfield><subfield code="2">fast</subfield><subfield code="0">(OCoLC)fst00875502</subfield></datafield><datafield ind1=" " ind2="7" tag="650"><subfield code="a">Counterculture.</subfield><subfield code="2">fast</subfield><subfield code="0">(OCoLC)fst00881315</subfield></datafield><datafield ind1=" " ind2="7" tag="650"><subfield code="a">Politics and government</subfield><subfield code="2">fast</subfield><subfield code="0">(OCoLC)fst01919741</subfield></datafield><datafield ind1=" " ind2="7" tag="650"><subfield code="a">Underground press publications.</subfield><subfield code="2">fast</subfield><subfield code="0">(OCoLC)fst01160984</subfield></datafield><datafield ind1=" " ind2="7" tag="651"><subfield code="a">Texas.</subfield><subfield code="2">fast</subfield><subfield code="0">(OCoLC)fst01210336</subfield></datafield><datafield ind1=" " ind2="7" tag="651"><subfield code="a">Texas</subfield><subfield code="z">Austin.</subfield><subfield code="2">fast</subfield><subfield code="0">(OCoLC)fst01204313</subfield></datafield><datafield ind1=" " ind2="7" tag="648"><subfield code="a">1900-1999</subfield><subfield code="2">fast</subfield></datafield><datafield ind1=" " ind2="7" tag="655"><subfield code="a">Periodicals.</subfield><subfield code="2">fast</subfield><subfield code="0">(OCoLC)fst01411641</subfield></datafield><datafield ind1="1" ind2="5" tag="780"><subfield code="t">Illuminations (San Francisco, Calif. : 1965)</subfield><subfield code="w">(DLC)  2012240190</subfield><subfield code="w">(OCoLC)2277552</subfield></datafield><datafield ind1="1" ind2="5" tag="780"><subfield code="t">Ecology in Texas</subfield><subfield code="w">(OCoLC)25415781</subfield></datafield><datafield ind1=" " ind2=" " tag="850"><subfield code="a">MiU</subfield></datafield><datafield ind1="1" ind2=" " tag="029"><subfield code="a">AU@</subfield><subfield code="b">000021635844</subfield></datafield><datafield ind1="1" ind2=" " tag="029"><subfield code="a">AU@</subfield><subfield code="b">000020521342</subfield></datafield></record>